<record><leader>00000cas a2200000 a 4500</leader><controlfield tag="001">10620984</controlfield><controlfield tag="008">840412c19799999miucr ne      0   a0eng c</controlfield><datafield ind1=" " ind2=" " tag="010"><subfield code="a">sn 84009775 </subfield></datafield><datafield ind1=" " ind2=" " tag="040"><subfield code="a">NSD</subfield><subfield code="b">eng</subfield><subfield code="c">NSD</subfield><subfield code="d">MHN</subfield><subfield code="d">OCL</subfield><subfield code="d">OCLCQ</subfield><subfield code="d">OCLCF</subfield><subfield code="d">OCLCO</subfield></datafield><datafield ind1=" " ind2=" " tag="012"><subfield code="k">1</subfield><subfield code="m">1</subfield></datafield><datafield ind1="1" ind2=" " tag="022"><subfield code="a">0747-1742</subfield><subfield code="l">0747-1742</subfield><subfield code="2">1</subfield></datafield><datafield ind1="1" ind2=" " tag="029"><subfield code="a">AU@</subfield><subfield code="b">000020333143</subfield></datafield><datafield ind1=" " ind2=" " tag="032"><subfield code="a">955720</subfield><subfield code="b">USPS</subfield></datafield><datafield ind1=" " ind2=" " tag="042"><subfield code="a">nsdp</subfield><subfield code="a">pcc</subfield></datafield><datafield ind1="0" ind2=" " tag="130"><subfield code="a">Grand Blanc news (Grand Blanc, Mich. : 1979)</subfield></datafield><datafield ind1=" " ind2="4" tag="222"><subfield code="a">The Grand Blanc news</subfield></datafield><datafield ind1="0" ind2="4" tag="245"><subfield code="a">The Grand Blanc news.</subfield></datafield><datafield ind1=" " ind2=" " tag="260"><subfield code="a">Grand Blanc, Mich. :</subfield><subfield code="b">Grand Blanc News,</subfield></datafield><datafield ind1=" " ind2=" " tag="310"><subfield code="a">Semiweekly,</subfield><subfield code="b">Feb. 25, 1985-</subfield></datafield><datafield ind1=" " ind2=" " tag="321"><subfield code="a">Weekly</subfield><subfield code="b">Dec. 5, 1979-Feb. 20, 1985</subfield></datafield><datafield ind1="0" ind2=" " tag="362"><subfield code="a">Vol. 24, no. 12 (Dec. 5, 1979)-</subfield></datafield><datafield ind1=" " ind2="0" tag="651"><subfield code="a">Grand Blanc (Mich.)</subfield><subfield code="v">Newspapers.</subfield></datafield><datafield ind1=" " ind2="0" tag="651"><subfield code="a">Fenton (Mich.)</subfield><subfield code="v">Newspapers.</subfield></datafield><datafield ind1=" " ind2="0" tag="651"><subfield code="a">Flint (Mich.)</subfield><subfield code="v">Newspapers.</subfield></datafield><datafield ind1=" " ind2="0" tag="651"><subfield code="a">Genesee County (Mich.)</subfield><subfield code="v">Newspapers.</subfield></datafield><datafield ind1=" " ind2="7" tag="655"><subfield code="a">Newspapers.</subfield><subfield code="2">fast</subfield><subfield code="0">(OCoLC)fst01423814</subfield></datafield><datafield ind1=" " ind2="7" tag="651"><subfield code="a">Michigan</subfield><subfield code="z">Fenton.</subfield><subfield code="2">fast</subfield><subfield code="0">(OCoLC)fst01219765</subfield></datafield><datafield ind1=" " ind2="7" tag="651"><subfield code="a">Michigan</subfield><subfield code="z">Flint.</subfield><subfield code="2">fast</subfield><subfield code="0">(OCoLC)fst01223011</subfield></datafield><datafield ind1=" " ind2="7" tag="651"><subfield code="a">Michigan</subfield><subfield code="z">Genesee County.</subfield><subfield code="2">fast</subfield><subfield code="0">(OCoLC)fst01214779</subfield></datafield><datafield ind1=" " ind2="7" tag="651"><subfield code="a">Michigan</subfield><subfield code="z">Grand Blanc.</subfield><subfield code="2">fast</subfield><subfield code="0">(OCoLC)fst01233718</subfield></datafield><datafield ind1=" " ind2=" " tag="752"><subfield code="a">United States</subfield><subfield code="b">Michigan</subfield><subfield code="c">Genesee</subfield><subfield code="d">Grand Blanc.</subfield></datafield><datafield ind1=" " ind2=" " tag="752"><subfield code="a">United States</subfield><subfield code="b">Michigan</subfield><subfield code="c">Genesee</subfield><subfield code="d">Flint.</subfield></datafield><datafield ind1="0" ind2="0" tag="780"><subfield code="t">Gbn evening news</subfield><subfield code="w">(DLC)sn 96076952</subfield><subfield code="w">(OCoLC)35218934</subfield></datafield><datafield ind1=" " ind2=" " tag="936"><subfield code="a">Feb. 25, 1985</subfield></datafield></record>